<?xml version="1.0" encoding="UTF-8"?><collection xmlns="http://www.loc.gov/MARC21/slim"><record><leader>00361nam--2200121-i-4500</leader><controlfield tag="001">000025237</controlfield><controlfield tag="002">20161230</controlfield><controlfield tag="005">20161230201035</controlfield><controlfield tag="008">060222s1000------------r-----000-0-eng-d</controlfield><datafield ind1=" " ind2=" " tag="080"><subfield code="a">681.5.01(498):007:658(061)</subfield></datafield><datafield ind1=" " ind2=" " tag="245"><subfield code="a">Informatica pentru conducer. orizont`81.realizari si aplicatii</subfield></datafield><datafield ind1=" " ind2=" " tag="260"><subfield code="a">Cluj-napoca, Intreprinderea Poligrafica, 1981. 168p</subfield></datafield><datafield ind1=" " ind2=" " tag="852"><subfield code="a">49332</subfield></datafield></record></collection>